@book{lamport94,
    author = "Leslie Lamport",
    title = "LaTeX: A Document Preparation System",
    year = "1994",
    publisher = "Addison-Wesley",
    address = "Reading, Massachusetts"
}

@article{greenwade93,
    author = "George D. Greenwade",
    title = "The Comprehensive TeX Archive Network (CTAN)",
    year = "1993",
    journal = "TUGBoat",
    volume = "14",
    number = "3",
    pages = "342--351"
}

@online{paris_bettencourt_main,
    author = {Paris Bettencourt iGEM Team},
    title = {Paris Bettencourt Main page},
    year = 2023,
    url = {https://2023.igem.wiki/paris-bettencourt/},
    urldate = {2024-01-14}
}

@online{paris_bettencourt_team,
    author = {Paris Bettencourt iGEM Team},
    title = {Paris Bettencourt Team page},
    year = 2023,
    url = {https://2023.igem.wiki/paris-bettencourt/team},
    urldate = {2024-01-14}
}

@online{paris_bettencourt_project,
    author = {Paris Bettencourt iGEM Team},
    title = {Paris Bettencourt Project page},
    year = 2023,
    url = {https://2023.igem.wiki/paris-bettencourt/description},
    urldate = {2024-01-14}
}
    

@online{igem_main,
    author = {iGEM Foundation},
    title = {iGEM foundation Main page},
    year = 2023,
    url = {https://igem.org/},
    urldate = {2024-01-14}
}

@online{igem_description,
    author = {iGEM Foundation},
    title = {iGEM competition About page},
    year = 2023,
    url = {https://competition.igem.org/participation/introduction},
    urldate = {2024-01-14}
}

@online{igem_villages,
    author = {iGEM Foundation},
    title = {iGEM competition Villages page},
    year = 2023,
    url = {https://competition.igem.org/participation/villages},
    urldate = {2024-01-14}
}